
@book{Monippally2010,
  title = {Academic Writing: A Guide for Management Students and Researchers},
  shorttitle = {Academic Writing},
  author = {Monippally, Mathukutty M. and Pawar, Badrinarayan Shankar},
  year = {2010},
  publisher = {{Response}},
  address = {{Los Angeles}},
  isbn = {978-81-321-0441-4},
  keywords = {Academic writing,Business writing,English language,Handbooks; manuals; etc,Rhetoric,Technical writing},
  lccn = {PE1408 .M594 2010},
  note = {OCLC: ocn551198634}
}

@book{Quaschning2016,
  title = {Understanding Renewable Energy Systems},
  author = {Quaschning, Volker},
  year = {2016},
  edition = {Second Edition},
  publisher = {{Routledge, Taylor \& Francis Group, Earthscan from Routledge}},
  address = {{London ; New York}},
  isbn = {978-1-138-78194-8 978-1-138-78196-2},
  keywords = {Renewable energy sources},
  language = {eng},
  lccn = {TJ808 .Q3713 2016}
}

@book{Smith2009,
  title = {Doing Your Undergraduate Social Science Dissertation},
  author = {Smith, Karen and Todd, Malcolm J. and Waldman, Julia},
  year = {2009},
  publisher = {{Routledge}},
  address = {{London ; New York}},
  isbn = {978-0-415-46748-3 978-0-415-46749-0},
  keywords = {Dissertations; Academic,Research Methodology,Social sciences},
  lccn = {LB2369 .S613 2009},
  note = {OCLC: ocn213446268}
}